%YAML 1.1
%TAG !u! tag:unity3d.com,2011:
--- !u!1 &2764834878149953102
GameObject:
  m_ObjectHideFlags: 0
  m_CorrespondingSourceObject: {fileID: 0}
  m_PrefabInstance: {fileID: 0}
  m_PrefabAsset: {fileID: 0}
  serializedVersion: 6
  m_Component:
  - component: {fileID: 2764834878149953092}
  - component: {fileID: 2764834878149953093}
  - component: {fileID: 2764834878149953090}
  - component: {fileID: 2764834878149953088}
  - component: {fileID: 8193704497076842339}
  - component: {fileID: 4687890592954034982}
  - component: {fileID: 6306844777889739493}
  - component: {fileID: 4230868021767124484}
  - component: {fileID: 8039022126207125588}
  m_Layer: 0
  m_Name: prefab_enemy_ship
  m_TagString: Untagged
  m_Icon: {fileID: 0}
  m_NavMeshLayer: 0
  m_StaticEditorFlags: 0
  m_IsActive: 1
--- !u!4 &2764834878149953092
Transform:
  m_ObjectHideFlags: 0
  m_CorrespondingSourceObject: {fileID: 0}
  m_PrefabInstance: {fileID: 0}
  m_PrefabAsset: {fileID: 0}
  m_GameObject: {fileID: 2764834878149953102}
  m_LocalRotation: {x: 0, y: 0, z: 0, w: 1}
  m_LocalPosition: {x: 0, y: 0, z: 0}
  m_LocalScale: {x: 10, y: 10, z: 1}
  m_Children: []
  m_Father: {fileID: 0}
  m_RootOrder: 0
  m_LocalEulerAnglesHint: {x: 0, y: 0, z: 0}
--- !u!33 &2764834878149953093
MeshFilter:
  m_ObjectHideFlags: 0
  m_CorrespondingSourceObject: {fileID: 0}
  m_PrefabInstance: {fileID: 0}
  m_PrefabAsset: {fileID: 0}
  m_GameObject: {fileID: 2764834878149953102}
  m_Mesh: {fileID: 10210, guid: 0000000000000000e000000000000000, type: 0}
--- !u!23 &2764834878149953090
MeshRenderer:
  m_ObjectHideFlags: 0
  m_CorrespondingSourceObject: {fileID: 0}
  m_PrefabInstance: {fileID: 0}
  m_PrefabAsset: {fileID: 0}
  m_GameObject: {fileID: 2764834878149953102}
  m_Enabled: 1
  m_CastShadows: 0
  m_ReceiveShadows: 0
  m_DynamicOccludee: 1
  m_MotionVectors: 1
  m_LightProbeUsage: 0
  m_ReflectionProbeUsage: 0
  m_RayTracingMode: 2
  m_RayTraceProcedural: 0
  m_RenderingLayerMask: 1
  m_RendererPriority: 0
  m_Materials:
  - {fileID: 2100000, guid: 7a4ab2d83ceead84ea5b83f5733b040b, type: 2}
  m_StaticBatchInfo:
    firstSubMesh: 0
    subMeshCount: 0
  m_StaticBatchRoot: {fileID: 0}
  m_ProbeAnchor: {fileID: 0}
  m_LightProbeVolumeOverride: {fileID: 0}
  m_ScaleInLightmap: 1
  m_ReceiveGI: 1
  m_PreserveUVs: 0
  m_IgnoreNormalsForChartDetection: 0
  m_ImportantGI: 0
  m_StitchLightmapSeams: 1
  m_SelectedEditorRenderState: 3
  m_MinimumChartSize: 4
  m_AutoUVMaxDistance: 0.5
  m_AutoUVMaxAngle: 89
  m_LightmapParameters: {fileID: 0}
  m_SortingLayerID: 0
  m_SortingLayer: 0
  m_SortingOrder: 0
  m_AdditionalVertexStreams: {fileID: 0}
--- !u!114 &2764834878149953088
MonoBehaviour:
  m_ObjectHideFlags: 0
  m_CorrespondingSourceObject: {fileID: 0}
  m_PrefabInstance: {fileID: 0}
  m_PrefabAsset: {fileID: 0}
  m_GameObject: {fileID: 2764834878149953102}
  m_Enabled: 1
  m_EditorHideFlags: 0
  m_Script: {fileID: 11500000, guid: ea11c017893ca9e4d9be043fcbfb3682, type: 3}
  m_Name: 
  m_EditorClassIdentifier: 
  value: 50
--- !u!114 &8193704497076842339
MonoBehaviour:
  m_ObjectHideFlags: 0
  m_CorrespondingSourceObject: {fileID: 0}
  m_PrefabInstance: {fileID: 0}
  m_PrefabAsset: {fileID: 0}
  m_GameObject: {fileID: 2764834878149953102}
  m_Enabled: 1
  m_EditorHideFlags: 0
  m_Script: {fileID: 11500000, guid: b10cd1eaef3455b41a452f96a10bb212, type: 3}
  m_Name: 
  m_EditorClassIdentifier: 
--- !u!114 &4687890592954034982
MonoBehaviour:
  m_ObjectHideFlags: 0
  m_CorrespondingSourceObject: {fileID: 0}
  m_PrefabInstance: {fileID: 0}
  m_PrefabAsset: {fileID: 0}
  m_GameObject: {fileID: 2764834878149953102}
  m_Enabled: 1
  m_EditorHideFlags: 0
  m_Script: {fileID: 11500000, guid: b275e5f92732148048d7b77e264ac30e, type: 3}
  m_Name: 
  m_EditorClassIdentifier: 
  m_ShapeType: 4
  m_PrimitiveCenter:
    x: 0
    y: 0
    z: 0
  m_PrimitiveSize:
    x: 1
    y: 0
    z: 1
  m_PrimitiveOrientation:
    Value:
      x: -90
      y: 0
      z: 180
    RotationOrder: 4
  m_Capsule:
    Height: 1
    Radius: 0.5
    Axis: 2
  m_Cylinder:
    Height: 0
    Radius: 0.5
    Axis: 1
  m_CylinderSideCount: 20
  m_SphereRadius: 0.5
  m_MinimumSkinnedVertexWeight: 0.1
  m_ConvexHullGenerationParameters:
    m_SimplificationTolerance: 0.015
    m_BevelRadius: 0
    m_MinimumAngle: 2.5000002
  m_CustomMesh: {fileID: 0}
  m_ForceUnique: 0
  m_Material:
    m_SupportsTemplate: 1
    m_Template: {fileID: 0}
    m_IsTrigger:
      m_Override: 0
      m_Value: 1
    m_Friction:
      m_Override: 0
      m_Value:
        Value: 0.5
        CombineMode: 0
    m_Restitution:
      m_Override: 0
      m_Value:
        Value: 0
        CombineMode: 2
    m_BelongsTo:
      m_Override: 0
      m_Value: 0101010101010101010101010101010101010101010101010101010101010101
    m_CollidesWith:
      m_Override: 0
      m_Value: 0101010101010101010101010101010101010101010101010101010101010101
    m_RaisesCollisionEvents:
      m_Override: 0
      m_Value: 0
    m_CustomTags:
      m_Override: 0
      m_Value: 0000000000000000
  m_ConvexRadius_Deprecated: -1
--- !u!114 &6306844777889739493
MonoBehaviour:
  m_ObjectHideFlags: 0
  m_CorrespondingSourceObject: {fileID: 0}
  m_PrefabInstance: {fileID: 0}
  m_PrefabAsset: {fileID: 0}
  m_GameObject: {fileID: 2764834878149953102}
  m_Enabled: 1
  m_EditorHideFlags: 0
  m_Script: {fileID: 11500000, guid: efa8f6e625f2e2948a7b9221ef3c609d, type: 3}
  m_Name: 
  m_EditorClassIdentifier: 
  value:
    x: 0
    y: -7
    z: 0
--- !u!114 &4230868021767124484
MonoBehaviour:
  m_ObjectHideFlags: 0
  m_CorrespondingSourceObject: {fileID: 0}
  m_PrefabInstance: {fileID: 0}
  m_PrefabAsset: {fileID: 0}
  m_GameObject: {fileID: 2764834878149953102}
  m_Enabled: 1
  m_EditorHideFlags: 0
  m_Script: {fileID: 11500000, guid: b6b589ed3ec3595409f26c5b11f4095d, type: 3}
  m_Name: 
  m_EditorClassIdentifier: 
  hasInitiatedShoot: 0
--- !u!114 &8039022126207125588
MonoBehaviour:
  m_ObjectHideFlags: 0
  m_CorrespondingSourceObject: {fileID: 0}
  m_PrefabInstance: {fileID: 0}
  m_PrefabAsset: {fileID: 0}
  m_GameObject: {fileID: 2764834878149953102}
  m_Enabled: 1
  m_EditorHideFlags: 0
  m_Script: {fileID: 11500000, guid: b9bc356af8d1b6c4390696d9ca04b2ea, type: 3}
  m_Name: 
  m_EditorClassIdentifier: 
  team: 1
